<record><leader>00000cas a22000007a 4500</leader><controlfield tag="001">14287583</controlfield><controlfield tag="008">861001d19391954wauwr ne      0    0eng  </controlfield><controlfield tag="009">466</controlfield><datafield ind1=" " ind2=" " tag="010"><subfield code="a">sn 86071994 </subfield></datafield><datafield ind1=" " ind2=" " tag="040"><subfield code="a">DLC</subfield><subfield code="b">eng</subfield><subfield code="c">DLC</subfield><subfield code="d">SLZ</subfield><subfield code="d">DLC</subfield><subfield code="d">OCLCQ</subfield><subfield code="d">OCLCO</subfield><subfield code="d">OCLCF</subfield></datafield><datafield ind1="1" ind2=" " tag="029"><subfield code="a">AU@</subfield><subfield code="b">000026226374</subfield></datafield><datafield ind1=" " ind2=" " tag="042"><subfield code="a">msc</subfield></datafield><datafield ind1=" " ind2=" " tag="043"><subfield code="a">n-us-wa</subfield></datafield><datafield ind1="0" ind2="0" tag="050"><subfield code="a">Newspaper</subfield></datafield><datafield ind1="0" ind2=" " tag="130"><subfield code="a">Kelsonian-tribune (Kelso, Wash : 1939)</subfield></datafield><datafield ind1="1" ind2="4" tag="245"><subfield code="a">The Kelsonian-tribune.</subfield></datafield><datafield ind1=" " ind2=" " tag="260"><subfield code="a">Kelso, Wash. :</subfield><subfield code="b">Frank E. Sevrens</subfield></datafield><datafield ind1=" " ind2=" " tag="300"><subfield code="a">v. :</subfield><subfield code="b">ill. (chiefly advertisements) ;</subfield><subfield code="c">56 cm.</subfield></datafield><datafield ind1=" " ind2=" " tag="310"><subfield code="a">Weekly (Fridays)</subfield></datafield><datafield ind1="0" ind2=" " tag="362"><subfield code="a">Vol. 35, no. 118 (Sept. 29, 1939)-</subfield></datafield><datafield ind1="1" ind2=" " tag="362"><subfield code="a">Ceased in 1954?</subfield></datafield><datafield ind1=" " ind2=" " tag="500"><subfield code="a">Special "Wonderland edition" published Aug. 4, 1949.</subfield></datafield><datafield ind1=" " ind2=" " tag="530"><subfield code="a">Also issued on microfilm from University of Washington.</subfield></datafield><datafield ind1=" " ind2="0" tag="651"><subfield code="a">Kelso (Wash.)</subfield><subfield code="v">Newspapers.</subfield></datafield><datafield ind1=" " ind2="7" tag="655"><subfield code="a">Newspapers.</subfield><subfield code="2">fast</subfield><subfield code="0">(OCoLC)fst01423814</subfield></datafield><datafield ind1=" " ind2="7" tag="651"><subfield code="a">Washington (State)</subfield><subfield code="z">Kelso.</subfield><subfield code="2">fast</subfield><subfield code="0">(OCoLC)fst01220829</subfield></datafield><datafield ind1=" " ind2=" " tag="752"><subfield code="a">United States</subfield><subfield code="b">Washington</subfield><subfield code="c">Cowlitz</subfield><subfield code="d">Kelso.</subfield></datafield><datafield ind1="0" ind2="0" tag="780"><subfield code="t">Daily Kelsonian-tribune (Kelso, Wash. : 1934)</subfield><subfield code="w">(DLC)sn 87093136</subfield></datafield></record>